@unpublished{evans,
    author = "Richard W. Evans and Jeffrey Humpherys and  Sara Taylor",
    title = "A Markov Regime-switching Approach to Estimating Health Cost Dynamics",
    year = 2014,
}

@book{med,
    author = "Myrna Breskin and Kevin Dumith and Enid Pearsons and Robert Seeman",
    title = "McGraw-Hill Medical Dictionary for Allied Health",
    year = 2007,
    publisher = "McGraw-Hill Higher Education"

}

@article{french,
    author = "Eric French and John Baily Jones",
    title = "On the Distribution and Dynamics of Health Care Costs",
    journal = "Journal of Applied Econometrics",
    volume = "19",
    number = "6",
    pages = "705--721",
    year = 2004,
    
}
